<?xml version="1.0" encoding="UTF-8"?><collection xmlns="http://www.loc.gov/MARC21/slim"><record><leader>00376nam--2200121-i-4500</leader><controlfield tag="001">000020082</controlfield><controlfield tag="002">20161230</controlfield><controlfield tag="005">20161230201033</controlfield><controlfield tag="008">060222s1000------------r-----000-0-eng-d</controlfield><datafield ind1=" " ind2=" " tag="080"><subfield code="a">502.55(083.81)</subfield></datafield><datafield ind1=" " ind2=" " tag="245"><subfield code="a">Environmental pollution: a guide to the books and periodicals available in the barc library</subfield></datafield><datafield ind1=" " ind2=" " tag="260"><subfield code="a">Bombay, Bahha Atomic Research Centre, 1980. 77 P</subfield></datafield><datafield ind1=" " ind2=" " tag="852"><subfield code="a">D.1404</subfield></datafield></record></collection>